@inproceedings{hart2001perlin,
  title={Perlin noise pixel shaders},
  author={Hart, John C},
  booktitle={Proceedings of the ACM SIGGRAPH/EUROGRAPHICS workshop on Graphics hardware},
  pages={87--94},
  year={2001},
  organization={ACM}
}

@inproceedings{perlin2002improving,
  title={Improving noise},
  author={Perlin, Ken},
  booktitle={ACM Transactions on Graphics (TOG)},
  volume={21},
  number={3},
  pages={681--682},
  year={2002},
  organization={ACM}
}

@inproceedings{perlin1989hypertexture,
  title={Hypertexture},
  author={Perlin, Ken and Hoffert, Eric M},
  booktitle={ACM SIGGRAPH Computer Graphics},
  volume={23},
  number={3},
  pages={253--262},
  year={1989},
  organization={ACM}
}

@article{perlin1985image,
  title={An image synthesizer},
  author={Perlin, Ken},
  journal={ACM Siggraph Computer Graphics},
  volume={19},
  number={3},
  pages={287--296},
  year={1985}
}

@inproceedings{grosso1997multilevel,
  title={The multilevel finite element method for adaptive mesh optimization and visualization of volume data},
  author={Grosso, Roberto and Lurig, Christoph and Ertl, Thomas},
  booktitle={Visualization'97., Proceedings},
  pages={387--394},
  year={1997},
  organization={IEEE}
}

@inproceedings{ohtake2002dual,
  title={Dual/primal mesh optimization for polygonized implicit surfaces},
  author={Ohtake, Yutaka and Belyaev, Alexander G},
  booktitle={Proceedings of the seventh ACM symposium on Solid modeling and applications},
  pages={171--178},
  year={2002},
  organization={ACM}
}

@article{phong1975illumination,
  title={Illumination for computer generated pictures},
  author={Phong, Bui Tuong},
  journal={Communications of the ACM},
  volume={18},
  number={6},
  pages={311--317},
  year={1975},
  publisher={ACM}
}

@inproceedings{whitted2005improved,
  title={An improved illumination model for shaded display},
  author={Whitted, Turner},
  booktitle={ACM Siggraph 2005 Courses},
  pages={4},
  year={2005},
  organization={ACM}
}

@inproceedings{dollner2000texturing,
  title={Texturing techniques for terrain visualization},
  author={D{\"o}llner, J{\"u}rgen and Baumman, Konstantin and Hinrichs, Klaus},
  booktitle={Proceedings of the conference on Visualization'00},
  pages={227--234},
  year={2000},
  organization={IEEE Computer Society Press}
}

@inproceedings{Blinn:1977,
 author = {Blinn, James F.},
 title = {Models of Light Reflection for Computer Synthesized Pictures},
 booktitle = {Proceedings of the 4th Annual Conference on Computer Graphics and Interactive Techniques},
 series = {SIGGRAPH '77},
 year = {1977},
 location = {San Jose, California},
 pages = {192--198},
 numpages = {7},
 url = {http://doi.acm.org.ezproxy.falmouth.ac.uk/10.1145/563858.563893},
 doi = {10.1145/563858.563893},
 acmid = {563893},
 publisher = {ACM},
 address = {New York, NY, USA},
 keywords = {computer graphics, graphic display, hidden surface removal, shading},
} 

@inproceedings{Shirley:2005:RayTracing,
 author = {Shirley, Peter},
 title = {Ray Tracing},
 booktitle = {ACM SIGGRAPH 2005 Courses},
 series = {SIGGRAPH '05},
 year = {2005},
 location = {Los Angeles, California},
 articleno = {2},
 url = {http://doi.acm.org./10.1145/1198555.1198741},
 doi = {10.1145/1198555.1198741},
 acmid = {1198741},
 publisher = {ACM},
 address = {New York, NY, USA},
} 


@misc{PerlinWebsite,
    title={Ken Perlin's Website},
    author={{K. Perlin}},
    howpublished={[Online]. Available: \url{http://mrl.nyu.edu/~perlin/doc/oscar.html}},
    note={[Accessed: 27-Nov-2016]}
}

@article{carey1981mesh,
  title={Mesh refinement and iterative solution methods for finite element computations},
  author={Carey, Graham F and Humphrey, David L},
  journal={International Journal for Numerical Methods in Engineering},
  volume={17},
  number={11},
  pages={1717--1734},
  year={1981},
  publisher={Wiley Online Library}
}